<record><leader>00000cas a22000001a 4500</leader><controlfield tag="001">33145105</controlfield><controlfield tag="007">hd bfb016baaa</controlfield><controlfield tag="008">950918d17871803scudn nea     0   a0eng c</controlfield><datafield ind1=" " ind2=" " tag="010"><subfield code="a">sn 94086814 </subfield></datafield><datafield ind1=" " ind2=" " tag="040"><subfield code="a">NN</subfield><subfield code="b">eng</subfield><subfield code="c">RQM</subfield><subfield code="d">OCL</subfield><subfield code="d">OCLCQ</subfield><subfield code="d">OCLCF</subfield><subfield code="d">OCLCO</subfield><subfield code="d">OCLCQ</subfield></datafield><datafield ind1=" " ind2=" " tag="012"><subfield code="i">9504</subfield></datafield><datafield ind1=" " ind2=" " tag="042"><subfield code="a">pcc</subfield></datafield><datafield ind1=" " ind2=" " tag="043"><subfield code="a">n-us-sc</subfield></datafield><datafield ind1="0" ind2="4" tag="245"><subfield code="a">The City gazette, and the daily advertiser.</subfield></datafield><datafield ind1="3" ind2="0" tag="246"><subfield code="a">City gazette, or, The daily advertiser</subfield></datafield><datafield ind1="3" ind2="0" tag="246"><subfield code="a">City gazette &amp; the daily advertiser</subfield></datafield><datafield ind1="3" ind2="0" tag="246"><subfield code="a">City gazette &amp; the Charleston daily advertiser</subfield></datafield><datafield ind1="3" ind2="0" tag="246"><subfield code="a">City gazette and daily advertiser</subfield></datafield><datafield ind1=" " ind2=" " tag="260"><subfield code="a">Charleston [S.C.] :</subfield><subfield code="b">Haswell &amp; M'Iver,</subfield><subfield code="c">1787-1803.</subfield></datafield><datafield ind1=" " ind2=" " tag="300"><subfield code="a">volumes :</subfield><subfield code="b">illustrations (chiefly adv.) ;</subfield><subfield code="c">43-54 cm</subfield></datafield><datafield ind1=" " ind2=" " tag="310"><subfield code="a">Daily (except Sun.)</subfield></datafield><datafield ind1=" " ind2=" " tag="336"><subfield code="a">text</subfield><subfield code="b">txt</subfield><subfield code="2">rdacontent</subfield></datafield><datafield ind1=" " ind2=" " tag="337"><subfield code="a">microform</subfield><subfield code="b">h</subfield><subfield code="2">rdamedia</subfield></datafield><datafield ind1=" " ind2=" " tag="338"><subfield code="a">microfilm reel</subfield><subfield code="b">hd</subfield><subfield code="2">rdacarrier</subfield></datafield><datafield ind1="0" ind2=" " tag="362"><subfield code="a">Vol. 5, no. 786 (Nov. 6, 1787)-v. 22, no. 5078 (Dec. 31, 1803).</subfield></datafield><datafield ind1=" " ind2=" " tag="500"><subfield code="a">Published as: The City gazette, or, The daily advertiser, Dec. 1787-1791; City gazette &amp; the daily advertiser, 1792-1795; City gazette and daily advertiser, 1795-1803.</subfield></datafield><datafield ind1=" " ind2=" " tag="500"><subfield code="a">"Charleston" appears within the title ornament, 1792-1795.</subfield></datafield><datafield ind1=" " ind2=" " tag="500"><subfield code="a">Insurance negative only.</subfield></datafield><datafield ind1=" " ind2=" " tag="525"><subfield code="a">Contains supplements.</subfield></datafield><datafield ind1=" " ind2=" " tag="580"><subfield code="a">Weekly ed.: Carolina gazette, 1798-1804.</subfield></datafield><datafield ind1=" " ind2=" " tag="533"><subfield code="a">Microfilm.</subfield><subfield code="m">Jan. 3-Dec. 31,1789.</subfield><subfield code="b">New York :</subfield><subfield code="c">New York Public Library,</subfield><subfield code="d">[19--].</subfield><subfield code="e">1 microfilm reel ; 35 mm.</subfield></datafield><datafield ind1=" " ind2="0" tag="651"><subfield code="a">Charleston (S.C.)</subfield><subfield code="v">Newspapers.</subfield></datafield><datafield ind1=" " ind2="7" tag="651"><subfield code="a">South Carolina</subfield><subfield code="z">Charleston.</subfield><subfield code="2">fast</subfield><subfield code="0">(OCoLC)fst01204603</subfield></datafield><datafield ind1=" " ind2="7" tag="655"><subfield code="a">Newspapers.</subfield><subfield code="2">fast</subfield><subfield code="0">(OCoLC)fst01423814</subfield></datafield><datafield ind1=" " ind2=" " tag="752"><subfield code="a">United States</subfield><subfield code="b">South Carolina</subfield><subfield code="c">Charleston</subfield><subfield code="d">Charleston.</subfield></datafield><datafield ind1="1" ind2=" " tag="775"><subfield code="t">Carolina gazette</subfield></datafield><datafield ind1="1" ind2=" " tag="776"><subfield code="c">Original</subfield><subfield code="w">(DLC)sn 84026939</subfield></datafield><datafield ind1="0" ind2="0" tag="780"><subfield code="t">Charleston morning post and daily advertiser</subfield></datafield><datafield ind1="0" ind2="0" tag="785"><subfield code="t">City gazette (Charleston, S.C. : 1804)</subfield></datafield><datafield ind1=" " ind2=" " tag="850"><subfield code="a">NN</subfield><subfield code="a">NN (master)</subfield></datafield><datafield ind1="1" ind2=" " tag="029"><subfield code="a">AU@</subfield><subfield code="b">000025862822</subfield></datafield></record>